<?xml version="1.0" encoding="utf-8"?>
<record xmlns="http://www.loc.gov/MARC21/slim" xmlns:xsi="http://www.w3.org/2001/XMLSchema-instance" xsi:schemaLocation="http://www.loc.gov/MARC21/slim http://www.loc.gov/standards/marcxml/schema/MARC21slim.xsd">
	<leader>     nam a22     Mi 4500</leader>
	<controlfield tag="001">2770269</controlfield>
	<controlfield tag="003">NjP</controlfield>
	<controlfield tag="006">m        d        </controlfield>
	<controlfield tag="007">cr cn |||m|||a</controlfield>
	<controlfield tag="008">210211m18669999ua      o     000 0 ara d</controlfield>
	<datafield ind1=" " ind2=" " tag="040">
		<subfield code="a">ZYU</subfield>
		<subfield code="b">ara</subfield>
		<subfield code="e">rda</subfield>
		<subfield code="c">ZYU</subfield>
	</datafield>
	<datafield ind1="0" ind2="0" tag="245">
		<subfield code="6">880-01</subfield>
		<subfield code="a">Sīrat al-fāris al-humām wa-al-baṭal al-miqdām :</subfield>
		<subfield code="b">man intasharat shuhrat furūsīyatihi fī kulli wād laytha al-nizāl al-amīr Antarah ibn Shaddād : wa-hiya al-sīrah al-fāʼiqah al-ḥijāzīyah al-mushtamilah alá al-akhbār al-ajībah wa-al-anbāʼ al-jalīyah</subfield>
	</datafield>
	<datafield ind1=" " ind2=" " tag="260">
		<subfield code="6">880-02</subfield>
		<subfield code="a">Miṣr :</subfield>
		<subfield code="b">al-Maṭbaʻah al-Āmirah al-Sharafīyah,</subfield>
		<subfield code="c">1306-1311 [1888-1893]</subfield>
	</datafield>
	<datafield ind1=" " ind2=" " tag="300">
		<subfield code="a">online resource (volumes)</subfield>
	</datafield>
	<datafield ind1=" " ind2=" " tag="336">
		<subfield code="a">text</subfield>
		<subfield code="2">rdacontent</subfield>
	</datafield>
	<datafield ind1=" " ind2=" " tag="337">
		<subfield code="a">computer</subfield>
		<subfield code="2">rdamedia</subfield>
	</datafield>
	<datafield ind1=" " ind2=" " tag="338">
		<subfield code="a">online resource</subfield>
		<subfield code="2">rdacarrier</subfield>
	</datafield>
	<datafield ind1=" " ind2=" " tag="500">
		<subfield code="a">Part of the Arabic Collections Online (ACO) project, contributed by Princeton University Libraries.</subfield>
	</datafield>
	<datafield ind1=" " ind2=" " tag="533">
		<subfield code="a">Electronic reproduction.</subfield>
		<subfield code="b">New York, N.Y. :</subfield>
		<subfield code="c">New York University,</subfield>
		<subfield code="d">2021.</subfield>
		<subfield code="5">NNU</subfield>
	</datafield>
	<datafield ind1="0" ind2="0" tag="600">
		<subfield code="a">ʻAntarah ibn Shaddād,</subfield>
		<subfield code="d">active 6th century</subfield>
		<subfield code="v">Legends.</subfield>
	</datafield>
	<datafield ind1="0" ind2="7" tag="600">
		<subfield code="a">ʻAntarah ibn Shaddād,</subfield>
		<subfield code="d">active 6th century.</subfield>
		<subfield code="2">fast</subfield>
		<subfield code="0">(OCoLC)fst01804832</subfield>
	</datafield>
	<datafield ind1=" " ind2="7" tag="655">
		<subfield code="a">Legends.</subfield>
		<subfield code="2">fast</subfield>
		<subfield code="0">(OCoLC)fst01423803</subfield>
	</datafield>
	<datafield ind1="2" ind2=" " tag="710">
		<subfield code="a">Princeton University.</subfield>
		<subfield code="b">Library.</subfield>
	</datafield>
	<datafield ind1="0" ind2=" " tag="730">
		<subfield code="a">Arabic Collections Online.</subfield>
	</datafield>
	<datafield ind1="0" ind2="8" tag="776">
		<subfield code="i">Online version:</subfield>
		<subfield code="a">ʻAntar.</subfield>
		<subfield code="t">Sīrah.</subfield>
		<subfield code="d">[Cairo] : [publisher not identified], 1283 [1866]-</subfield>
		<subfield code="w">(OCoLC)1127395008</subfield>
	</datafield>
	<datafield ind1="0" ind2="8" tag="776">
		<subfield code="i">Print version:</subfield>
		<subfield code="t">Sīrat al-fāris al-humām wa-al-baṭal al-miqdām</subfield>
		<subfield code="w">(NjP)2770269</subfield>
		<subfield code="w">(OCoLC)33857395</subfield>
	</datafield>
	<datafield ind1="4" ind2="0" tag="856">
		<subfield code="u">http://hdl.handle.net/2333.1/bvq83nnc</subfield>
	</datafield>
	<datafield ind1="0" ind2="0" tag="880">
		<subfield code="6">245-01</subfield>
		<subfield code="a">سيرة الفارس الهمام والبطل المقدام :</subfield>
		<subfield code="b">من انتشرت شهرة فروسيته في كل واد ليث النزال الامير عنترة بن شداد : وهي السيرة الفائقة الحجازية المشتملة على الاخبار العجيبة والانباء الجلية</subfield>
	</datafield>
	<datafield ind1=" " ind2=" " tag="880">
		<subfield code="6">260-02</subfield>
		<subfield code="a">مصر :</subfield>
		<subfield code="b">المطبعة العامرة الشرفية،</subfield>
		<subfield code="c">1306-1311 [1888-1893]</subfield>
	</datafield>
	<datafield ind1=" " ind2=" " tag="959">
		<subfield code="a">NNU</subfield>
		<subfield code="b">WEB</subfield>
		<subfield code="c">GENI</subfield>
		<subfield code="t">0</subfield>
		<subfield code="m">Electronic access</subfield>
		<subfield code="s">01</subfield>
	</datafield>
	<datafield ind1=" " ind2=" " tag="999">
		<subfield code="i">NjP_2770269</subfield>
		<subfield code="o">(OCoLC)ocm33857395</subfield>
		<subfield code="s">princeton_aco004083:v.1-5</subfield>
		<subfield code="s">princeton_aco004081:v.6-10</subfield>
		<subfield code="s">princeton_aco004084:v.11-15</subfield>
		<subfield code="s">princeton_aco004082:v.16-21</subfield>
		<subfield code="s">princeton_aco004085:v.22-26</subfield>
		<subfield code="s">princeton_aco004086:v.27-32</subfield>
		<subfield code="e">(ERROR-880)(ERROR-MISC)</subfield>
		<subfield code="s">princeton_aco004083:v.1-5</subfield>
		<subfield code="s">princeton_aco004081:v.6-10</subfield>
		<subfield code="s">princeton_aco004084:v.11-15</subfield>
		<subfield code="s">princeton_aco004082:v.16-21</subfield>
		<subfield code="s">princeton_aco004085:v.22-26</subfield>
		<subfield code="s">princeton_aco004086:v.27-32</subfield>
	</datafield>
</record>
